@article{2012arXiv1211.5122S,
   	author = {{Seamone}, B.},
    title = "{The 1-2-3 Conjecture and related problems: a survey}",
  	journal = {ArXiv e-prints},
	archivePrefix = "arXiv",
   	eprint = {1211.5122},
 	primaryClass = "math.CO",
 	keywords = {Mathematics - Combinatorics, Computer Science - Discrete Mathematics, 05C15, 05C78, 01-02},
    year = 2012,
    month = nov,
   	adsurl = {http://adsabs.harvard.edu/abs/2012arXiv1211.5122S},
	adsnote = {Provided by the SAO/NASA Astrophysics Data System},
}

@article{Kalkowski2010347,
	title = "Vertex-coloring edge-weightings: Towards the 1-2-3-conjecture ",
	journal = "Journal of Combinatorial Theory, Series B ",
	volume = "100",
	number = "3",
	pages = "347 - 349",
	year = "2010",
	%note = "",
	issn = "0095-8956",
	doi = "http://dx.doi.org/10.1016/j.jctb.2009.06.002",
	url = "http://www.sciencedirect.com/science/article/pii/S0095895609000586",
	author = "Maciej Kalkowski and Michał Karoński and Florian Pfender",
	keywords = "Irregular graph labellings ",
}

@article{Karoński2004151,
	title = "Edge weights and vertex colours ",
	journal = "Journal of Combinatorial Theory, Series B ",
	volume = "91",
	number = "1",
	pages = "151 - 157",
	year = "2004",
	%note = "",
	issn = "0095-8956",
	doi = "http://dx.doi.org/10.1016/j.jctb.2003.12.001",
	url = "http://www.sciencedirect.com/science/article/pii/S0095895603001412",
	author = "Michał Karoński and Tomasz Łuczak and Andrew Thomason",
	keywords = "Edge weighting",
	keywords = "Vertex colouring ",
}

@article{DBLP:journals/dmtcs/PrzybyloW10,
  	author    = {Jakub Przybylo and
  	             Mariusz Wozniak},
  	title     = {On a 1, 2 Conjecture},
  	journal   = {Discrete Mathematics {\&} Theoretical Computer Science},
  	year      = {2010},
  	volume    = {12},
  	number    = {1},
  	pages     = {101--108},
  	url       = {http://www.dmtcs.org/dmtcs-ojs/index.php/dmtcs/article/view/948},
  	timestamp = {Thu, 23 Oct 2014 12:50:38 +0200},
  	biburl    = {http://dblp.uni-trier.de/rec/bib/journals/dmtcs/PrzybyloW10},
  	bibsource = {dblp computer science bibliography, http://dblp.org},
}

@article{baudon:hal-00849065,
  	TITLE = {{An oriented version of the 1-2-3 Conjecture}},
  	AUTHOR = {Baudon, Olivier and Bensmail, Julien and Sopena, Eric},
  	URL = {https://hal.archives-ouvertes.fr/hal-00849065},
  	JOURNAL = {{Discussiones Mathematicae Graph Theory}},
  	%NUMBER = {A para{\^\i}tre},
  	%PAGES = {http://www.discuss.wmie.uz.zgora.pl/gt/},
  	YEAR = {2014},
  	KEYWORDS = {oriented graph ; neighbour-sum-distinguishing arc-weighting ; complexity ; 1-2-3 Conjecture},
  	HAL_ID = {hal-00849065},
  	HAL_VERSION = {v3},
}

@article{alaeiyan,
	AUTHOR = {Alaeiyan, Mohammad hadi},
	TITLE = {The edge-labeling and vertex-colors of Kn},
	JOURNAL = {Mathematical Sciences},
	VOLUME = {6},
	YEAR = {2012},
	NUMBER = {1},
	PAGES = {45},
	URL = {http://www.iaumath.com/content/6/1/45},
	DOI = {10.1186/2251-7456-6-45},
	ISSN = {2251-7456},
}

@article{Lu201121,
	title = "Vertex-coloring 2-edge-weighting of graphs ",
	journal = "European Journal of Combinatorics ",
	volume = "32",
	number = "1",
	pages = "21 - 27",
	year = "2011",
	note = "",
	issn = "0195-6698",
	doi = "http://dx.doi.org/10.1016/j.ejc.2010.08.002",
	url = "http://www.sciencedirect.com/science/article/pii/S0195669810001113",
	author = "Hongliang Lu and Qinglin Yu and Cun-Quan Zhang"
}

@article{SkowronekKaziów200893,
	title = "Conjecture—the multiplicative version ",
	journal = "Information Processing Letters ",
	volume = "107",
	number = "3–4",
	pages = "93 - 95",
	year = "2008",
	note = "",
	issn = "0020-0190",
	doi = "http://dx.doi.org/10.1016/j.ipl.2008.01.006",
	url = "http://www.sciencedirect.com/science/article/pii/S0020019008000331",
	author = "Joanna Skowronek-Kaziów",
	keywords = "Graph algorithms",
	keywords = "Total weighting",
	keywords = "Vertex colouring "
}

@article{AddarioBerry20081168,
	title = "Degree constrained subgraphs ",
	journal = "Discrete Applied Mathematics ",
	volume = "156",
	number = "7",
	pages = "1168 - 1174",
	year = "2008",
	note = "\{GRACO\} 2005 2nd Brazilian Symposium on Graphs, Algorithms and Combinatorics ",
	issn = "0166-218X",
	doi = "http://dx.doi.org/10.1016/j.dam.2007.05.059",
	url = "http://www.sciencedirect.com/science/article/pii/S0166218X07002995",
	author = "L. Addario-Berry and K. Dalal and B.A. Reed",
	keywords = "Vertex colouring",
	keywords = "Edge weighting",
	keywords = "Degree constrained subgraphs "
}
